@article{DBLP:journals/ijufks/Sweene02,
  author    = {Latanya Sweeney},
  title     = {k-Anonymity: {A} Model for Protecting Privacy},
  journal   = {International Journal of Uncertainty, Fuzziness and Knowledge-Based
               Systems},
  volume    = {10},
  number    = {5},
  pages     = {557--570},
  year      = {2002}
}

@inproceedings{DBLP:conf/icde/MachanavajjhalaGKV06,
  author    = {Ashwin Machanavajjhala and
               Johannes Gehrke and
               Daniel Kifer and
               Muthuramakrishnan Venkitasubramaniam},
  title     = {l-Diversity: Privacy Beyond k-Anonymity},
	booktitle = {International Conference on Data Engineering ({ICDE})},
  pages     = {24},
  year      = {2006}
}

@inproceedings{DBLP:conf/icde/LiLV07,
  author    = {Ninghui Li and
               Tiancheng Li and
               Suresh Venkatasubramanian},
  title     = {t-Closeness: Privacy Beyond k-Anonymity and l-Diversity},
  booktitle = {International Conference on Data Engineering ({ICDE})},
  pages     = {106--115},
  year      = {2007}
}

@inproceedings{DBLP:conf/sacrypt/BellareRRS09,
  author    = {Mihir Bellare and
               Thomas Ristenpart and
               Phillip Rogaway and
               Till Stegers},
  title     = {Format-Preserving Encryption},
  booktitle = {Selected Areas in Cryptography ({SAC})},
  pages     = {295--312},
  year      = {2009}
}

@article{dworkin2016recommendation,
  title={Recommendation for block cipher modes of operation: methods for format-preserving encryption},
  author={Morris Dworkin},
  journal={NIST Special Publication},
  volume={800},
  pages={38G},
  year={2016}
}

@misc{apple-differential-privacy,
    author = {Apple},
    title = {Differential Privacy},
		year = {2017},
    howpublished = {\url{https://www.apple.com/privacy/docs/Differential_Privacy_Overview.pdf}}
}

@misc{apple-local-differential-privacy,
    author = {{Apple Differential Privacy Team}},
    title = {Learning with Privacy at Scale},
		year = {2017},
    howpublished = {\url{https://machinelearning.apple.com/docs/learning-with-privacy-at-scale/appledifferentialprivacysystem.pdf}}
}

@misc{google-differential-privacy,
    author = {Miguel Guevara},
    title = {Enabling developers and organizations to use differential privacy},
		month = {September},
		year = {2019},
    howpublished = {\url{https://developers.googleblog.com/2019/09/enabling-developers-and-organizations.html}}
}

@misc{uber-differential-privacy,
    author = {Katie Tezasidis},
    title = {Uber Releases Open Source Project for Differential Privacy},
		month = {July},
		year = {2017},
    howpublished = {\url{https://medium.com/uber-security-privacy/differential-privacy-open-source-7892c82c42b6}}
}
@misc{facebook-url-release,
		author = {Solomon Messing and
							Christina DeGregorio and
							Bennett Hillenbrand and
							Gary King and
							Saurav Mahanti and
							Chaya Nayak and
							Nathaniel Persily and
							Bogdan State and
							Arjun Wilkins},
		month = {September},
		year = {2009},
    title = {Facebook Privacy-Protected {URL}s light Table Release},
    howpublished = {\url{https://socialscience.one/files/partnershipone/files/facebook_urls-light_codebook_v2.0.pdf}}
}

@misc{census-differential-privacy,
    author = {Simson L. Garfinkel},
    title = {Deploying Differential Privacy for the 2020 Census of Population and Housing},
		month = {July},
		year = {2019},
    howpublished = {\url{https://www.census.gov/content/dam/Census/newsroom/press-kits/2019/jsm/presentation-deploying-differential-privacy-for-the-2020-census-of-pop-and-housing.pdf}}
}

@inproceedings{erlingsson2014rappor,
  title={Rappor: Randomized aggregatable privacy-preserving ordinal response},
  author={{\'U}lfar Erlingsson and Vasyl Pihur and Aleksandra Korolova},
  booktitle={{ACM} Conference on Computer and Communications Security ({CCS})},
  pages={1054--1067},
  year={2014}
}

@misc{nist-synthetic-data,
    author = {{NIST}},
    title = {Differential Privacy Synthetic Data Challenge},
		year = {2018},
    howpublished = {\url{https://www.nist.gov/communications-technology-laboratory/pscr/funding-opportunities/open-innovation-prize-challenges-1}}
}


@misc{intel-sgx,
    author = {{Intel}},
    title = {Software Guard Extensions},
		year = {2019},
    howpublished = {\url{https://software.intel.com/en-us/sgx}}
}


@misc{google-trillian,
    author = {Google},
    title = {Trillian: {A} transparent, highly scalable and cryptographically verifiable data store},
    howpublished = {\url{https://opensource.google.com/projects/trillian}}
}
